@Article{Lee1990,
	author="Lee, M. Howard",
	title="Fermionic chemical potential",
	journal="Journal of Mathematical Chemistry",
	year="1990",
	month="Jun",
	day="01",
	volume="5",
	number="2",
	pages="83--98",
	issn="1572-8897",
	doi="10.1007/BF01166422",
	url="https://doi.org/10.1007/BF01166422"
}

@online{Glyde2014,
	author   = {Henry Glyde},
	title    = {University of Delaware PHYS 825 -- Intermediate Condensed Matter Physics : 8. Fermi Systems},
	year     = {2014},
	url      = {http://www.physics.udel.edu/~glyde/PHYS825/Lectures/chapter_8.pdf},
	note     = {[Online. Retrieved on 06.11.2019]},
}

@online{weisstein_FD,
    author   = {Weisstein, Eric W.},
    title    = {Fermi-Dirac Distribution. {From MathWorld---A Wolfram Web Resource}},
    year     = {1999},
    url      = {http://mathworld.wolfram.com/Fermi-DiracDistribution.html},
    note     = {[Online. Retrieved on 06.11.2019]},
}